%YAML 1.1
%TAG !u! tag:unity3d.com,2011:
--- !u!1 &2070163303716249731
GameObject:
  m_ObjectHideFlags: 0
  m_CorrespondingSourceObject: {fileID: 0}
  m_PrefabInstance: {fileID: 0}
  m_PrefabAsset: {fileID: 0}
  serializedVersion: 6
  m_Component:
  - component: {fileID: 2219139020047680861}
  m_Layer: 0
  m_Name: Block
  m_TagString: Untagged
  m_Icon: {fileID: 0}
  m_NavMeshLayer: 0
  m_StaticEditorFlags: 0
  m_IsActive: 1
--- !u!4 &2219139020047680861
Transform:
  m_ObjectHideFlags: 0
  m_CorrespondingSourceObject: {fileID: 0}
  m_PrefabInstance: {fileID: 0}
  m_PrefabAsset: {fileID: 0}
  m_GameObject: {fileID: 2070163303716249731}
  m_LocalRotation: {x: 0.40821788, y: -0.23456968, z: 0.10938163, w: 0.8754261}
  m_LocalPosition: {x: -6.189041, y: 24.16, z: -26.56}
  m_LocalScale: {x: 1, y: 1, z: 1}
  m_Children:
  - {fileID: 253645856920726921}
  - {fileID: 2942787994559029145}
  - {fileID: 2942787993381974866}
  - {fileID: 2599868059172675820}
  m_Father: {fileID: 0}
  m_RootOrder: 0
  m_LocalEulerAnglesHint: {x: 0, y: 0, z: 0}
--- !u!1001 &6284208788633459955
PrefabInstance:
  m_ObjectHideFlags: 0
  serializedVersion: 2
  m_Modification:
    m_TransformParent: {fileID: 2219139020047680861}
    m_Modifications:
    - target: {fileID: 8406193155795580187, guid: 8ec53f16d2e39e24bac6e33c40fc7aee, type: 3}
      propertyPath: m_Name
      value: Generic_block_bricks (9)
      objectReference: {fileID: 0}
    - target: {fileID: 9215240666227126177, guid: 8ec53f16d2e39e24bac6e33c40fc7aee, type: 3}
      propertyPath: m_LocalPosition.x
      value: 46.576035
      objectReference: {fileID: 0}
    - target: {fileID: 9215240666227126177, guid: 8ec53f16d2e39e24bac6e33c40fc7aee, type: 3}
      propertyPath: m_LocalPosition.y
      value: 45.2704
      objectReference: {fileID: 0}
    - target: {fileID: 9215240666227126177, guid: 8ec53f16d2e39e24bac6e33c40fc7aee, type: 3}
      propertyPath: m_LocalPosition.z
      value: 64.84518
      objectReference: {fileID: 0}
    - target: {fileID: 9215240666227126177, guid: 8ec53f16d2e39e24bac6e33c40fc7aee, type: 3}
      propertyPath: m_LocalRotation.x
      value: 0.45451638
      objectReference: {fileID: 0}
    - target: {fileID: 9215240666227126177, guid: 8ec53f16d2e39e24bac6e33c40fc7aee, type: 3}
      propertyPath: m_LocalRotation.y
      value: 0.122790836
      objectReference: {fileID: 0}
    - target: {fileID: 9215240666227126177, guid: 8ec53f16d2e39e24bac6e33c40fc7aee, type: 3}
      propertyPath: m_LocalRotation.z
      value: 0.6963642
      objectReference: {fileID: 0}
    - target: {fileID: 9215240666227126177, guid: 8ec53f16d2e39e24bac6e33c40fc7aee, type: 3}
      propertyPath: m_LocalRotation.w
      value: -0.5416773
      objectReference: {fileID: 0}
    - target: {fileID: 9215240666227126177, guid: 8ec53f16d2e39e24bac6e33c40fc7aee, type: 3}
      propertyPath: m_RootOrder
      value: 2
      objectReference: {fileID: 0}
    - target: {fileID: 9215240666227126177, guid: 8ec53f16d2e39e24bac6e33c40fc7aee, type: 3}
      propertyPath: m_LocalEulerAnglesHint.x
      value: 180
      objectReference: {fileID: 0}
    - target: {fileID: 9215240666227126177, guid: 8ec53f16d2e39e24bac6e33c40fc7aee, type: 3}
      propertyPath: m_LocalEulerAnglesHint.y
      value: 0
      objectReference: {fileID: 0}
    - target: {fileID: 9215240666227126177, guid: 8ec53f16d2e39e24bac6e33c40fc7aee, type: 3}
      propertyPath: m_LocalEulerAnglesHint.z
      value: -180
      objectReference: {fileID: 0}
    - target: {fileID: 9215240666227126177, guid: 8ec53f16d2e39e24bac6e33c40fc7aee, type: 3}
      propertyPath: m_LocalScale.x
      value: 99.999985
      objectReference: {fileID: 0}
    - target: {fileID: 9215240666227126177, guid: 8ec53f16d2e39e24bac6e33c40fc7aee, type: 3}
      propertyPath: m_LocalScale.y
      value: 99.99998
      objectReference: {fileID: 0}
    m_RemovedComponents: []
  m_SourcePrefab: {fileID: 100100000, guid: 8ec53f16d2e39e24bac6e33c40fc7aee, type: 3}
--- !u!4 &2942787993381974866 stripped
Transform:
  m_CorrespondingSourceObject: {fileID: 9215240666227126177, guid: 8ec53f16d2e39e24bac6e33c40fc7aee, type: 3}
  m_PrefabInstance: {fileID: 6284208788633459955}
  m_PrefabAsset: {fileID: 0}
--- !u!1001 &6284208788990402473
PrefabInstance:
  m_ObjectHideFlags: 0
  serializedVersion: 2
  m_Modification:
    m_TransformParent: {fileID: 2219139020047680861}
    m_Modifications:
    - target: {fileID: 4970834713086560591, guid: ce10f2763fb1fd54683445c6a4849816, type: 3}
      propertyPath: m_Materials.Array.data[0]
      value: 
      objectReference: {fileID: 2100000, guid: eced10c8726526042b58c2ccad08f05b, type: 2}
    - target: {fileID: 6102622725147947552, guid: ce10f2763fb1fd54683445c6a4849816, type: 3}
      propertyPath: m_LocalPosition.x
      value: 45.621117
      objectReference: {fileID: 0}
    - target: {fileID: 6102622725147947552, guid: ce10f2763fb1fd54683445c6a4849816, type: 3}
      propertyPath: m_LocalPosition.y
      value: 44.627052
      objectReference: {fileID: 0}
    - target: {fileID: 6102622725147947552, guid: ce10f2763fb1fd54683445c6a4849816, type: 3}
      propertyPath: m_LocalPosition.z
      value: 62.885017
      objectReference: {fileID: 0}
    - target: {fileID: 6102622725147947552, guid: ce10f2763fb1fd54683445c6a4849816, type: 3}
      propertyPath: m_LocalRotation.x
      value: -0.2432116
      objectReference: {fileID: 0}
    - target: {fileID: 6102622725147947552, guid: ce10f2763fb1fd54683445c6a4849816, type: 3}
      propertyPath: m_LocalRotation.y
      value: -0.90767306
      objectReference: {fileID: 0}
    - target: {fileID: 6102622725147947552, guid: ce10f2763fb1fd54683445c6a4849816, type: 3}
      propertyPath: m_LocalRotation.z
      value: -0.3303659
      objectReference: {fileID: 0}
    - target: {fileID: 6102622725147947552, guid: ce10f2763fb1fd54683445c6a4849816, type: 3}
      propertyPath: m_LocalRotation.w
      value: 0.0885218
      objectReference: {fileID: 0}
    - target: {fileID: 6102622725147947552, guid: ce10f2763fb1fd54683445c6a4849816, type: 3}
      propertyPath: m_RootOrder
      value: 0
      objectReference: {fileID: 0}
    - target: {fileID: 6102622725147947552, guid: ce10f2763fb1fd54683445c6a4849816, type: 3}
      propertyPath: m_LocalEulerAnglesHint.x
      value: -90
      objectReference: {fileID: 0}
    - target: {fileID: 6102622725147947552, guid: ce10f2763fb1fd54683445c6a4849816, type: 3}
      propertyPath: m_LocalEulerAnglesHint.y
      value: 0
      objectReference: {fileID: 0}
    - target: {fileID: 6102622725147947552, guid: ce10f2763fb1fd54683445c6a4849816, type: 3}
      propertyPath: m_LocalEulerAnglesHint.z
      value: 180
      objectReference: {fileID: 0}
    - target: {fileID: 6102622725147947552, guid: ce10f2763fb1fd54683445c6a4849816, type: 3}
      propertyPath: m_LocalScale.x
      value: 100.00002
      objectReference: {fileID: 0}
    - target: {fileID: 6916138856385030298, guid: ce10f2763fb1fd54683445c6a4849816, type: 3}
      propertyPath: m_Name
      value: Ground_02
      objectReference: {fileID: 0}
    m_RemovedComponents: []
  m_SourcePrefab: {fileID: 100100000, guid: ce10f2763fb1fd54683445c6a4849816, type: 3}
--- !u!4 &253645856920726921 stripped
Transform:
  m_CorrespondingSourceObject: {fileID: 6102622725147947552, guid: ce10f2763fb1fd54683445c6a4849816, type: 3}
  m_PrefabInstance: {fileID: 6284208788990402473}
  m_PrefabAsset: {fileID: 0}
--- !u!1001 &6284208789604937784
PrefabInstance:
  m_ObjectHideFlags: 0
  serializedVersion: 2
  m_Modification:
    m_TransformParent: {fileID: 2219139020047680861}
    m_Modifications:
    - target: {fileID: 8406193155795580187, guid: 8ec53f16d2e39e24bac6e33c40fc7aee, type: 3}
      propertyPath: m_Name
      value: Generic_block_bricks (8)
      objectReference: {fileID: 0}
    - target: {fileID: 9215240666227126177, guid: 8ec53f16d2e39e24bac6e33c40fc7aee, type: 3}
      propertyPath: m_LocalPosition.x
      value: 44.576065
      objectReference: {fileID: 0}
    - target: {fileID: 9215240666227126177, guid: 8ec53f16d2e39e24bac6e33c40fc7aee, type: 3}
      propertyPath: m_LocalPosition.y
      value: 42.616737
      objectReference: {fileID: 0}
    - target: {fileID: 9215240666227126177, guid: 8ec53f16d2e39e24bac6e33c40fc7aee, type: 3}
      propertyPath: m_LocalPosition.z
      value: 62.61848
      objectReference: {fileID: 0}
    - target: {fileID: 9215240666227126177, guid: 8ec53f16d2e39e24bac6e33c40fc7aee, type: 3}
      propertyPath: m_LocalRotation.x
      value: -0.5416752
      objectReference: {fileID: 0}
    - target: {fileID: 9215240666227126177, guid: 8ec53f16d2e39e24bac6e33c40fc7aee, type: 3}
      propertyPath: m_LocalRotation.y
      value: 0.69636476
      objectReference: {fileID: 0}
    - target: {fileID: 9215240666227126177, guid: 8ec53f16d2e39e24bac6e33c40fc7aee, type: 3}
      propertyPath: m_LocalRotation.z
      value: -0.1227901
      objectReference: {fileID: 0}
    - target: {fileID: 9215240666227126177, guid: 8ec53f16d2e39e24bac6e33c40fc7aee, type: 3}
      propertyPath: m_LocalRotation.w
      value: -0.45451808
      objectReference: {fileID: 0}
    - target: {fileID: 9215240666227126177, guid: 8ec53f16d2e39e24bac6e33c40fc7aee, type: 3}
      propertyPath: m_RootOrder
      value: 1
      objectReference: {fileID: 0}
    - target: {fileID: 9215240666227126177, guid: 8ec53f16d2e39e24bac6e33c40fc7aee, type: 3}
      propertyPath: m_LocalEulerAnglesHint.x
      value: 0
      objectReference: {fileID: 0}
    - target: {fileID: 9215240666227126177, guid: 8ec53f16d2e39e24bac6e33c40fc7aee, type: 3}
      propertyPath: m_LocalEulerAnglesHint.y
      value: 0
      objectReference: {fileID: 0}
    - target: {fileID: 9215240666227126177, guid: 8ec53f16d2e39e24bac6e33c40fc7aee, type: 3}
      propertyPath: m_LocalEulerAnglesHint.z
      value: -180
      objectReference: {fileID: 0}
    - target: {fileID: 9215240666227126177, guid: 8ec53f16d2e39e24bac6e33c40fc7aee, type: 3}
      propertyPath: m_LocalScale.z
      value: 100.000046
      objectReference: {fileID: 0}
    m_RemovedComponents: []
  m_SourcePrefab: {fileID: 100100000, guid: 8ec53f16d2e39e24bac6e33c40fc7aee, type: 3}
--- !u!4 &2942787994559029145 stripped
Transform:
  m_CorrespondingSourceObject: {fileID: 9215240666227126177, guid: 8ec53f16d2e39e24bac6e33c40fc7aee, type: 3}
  m_PrefabInstance: {fileID: 6284208789604937784}
  m_PrefabAsset: {fileID: 0}
--- !u!1001 &6626917891523252045
PrefabInstance:
  m_ObjectHideFlags: 0
  serializedVersion: 2
  m_Modification:
    m_TransformParent: {fileID: 2219139020047680861}
    m_Modifications:
    - target: {fileID: 8406193155795580187, guid: 8ec53f16d2e39e24bac6e33c40fc7aee, type: 3}
      propertyPath: m_Name
      value: Generic_block_bricks (10)
      objectReference: {fileID: 0}
    - target: {fileID: 9215240666227126177, guid: 8ec53f16d2e39e24bac6e33c40fc7aee, type: 3}
      propertyPath: m_LocalPosition.x
      value: 47.353
      objectReference: {fileID: 0}
    - target: {fileID: 9215240666227126177, guid: 8ec53f16d2e39e24bac6e33c40fc7aee, type: 3}
      propertyPath: m_LocalPosition.y
      value: 43.158
      objectReference: {fileID: 0}
    - target: {fileID: 9215240666227126177, guid: 8ec53f16d2e39e24bac6e33c40fc7aee, type: 3}
      propertyPath: m_LocalPosition.z
      value: 63.073
      objectReference: {fileID: 0}
    - target: {fileID: 9215240666227126177, guid: 8ec53f16d2e39e24bac6e33c40fc7aee, type: 3}
      propertyPath: m_LocalRotation.x
      value: 0.7044155
      objectReference: {fileID: 0}
    - target: {fileID: 9215240666227126177, guid: 8ec53f16d2e39e24bac6e33c40fc7aee, type: 3}
      propertyPath: m_LocalRotation.y
      value: -0.40557534
      objectReference: {fileID: 0}
    - target: {fileID: 9215240666227126177, guid: 8ec53f16d2e39e24bac6e33c40fc7aee, type: 3}
      propertyPath: m_LocalRotation.z
      value: 0.57923144
      objectReference: {fileID: 0}
    - target: {fileID: 9215240666227126177, guid: 8ec53f16d2e39e24bac6e33c40fc7aee, type: 3}
      propertyPath: m_LocalRotation.w
      value: -0.061631978
      objectReference: {fileID: 0}
    - target: {fileID: 9215240666227126177, guid: 8ec53f16d2e39e24bac6e33c40fc7aee, type: 3}
      propertyPath: m_RootOrder
      value: 3
      objectReference: {fileID: 0}
    - target: {fileID: 9215240666227126177, guid: 8ec53f16d2e39e24bac6e33c40fc7aee, type: 3}
      propertyPath: m_LocalEulerAnglesHint.x
      value: 382.521
      objectReference: {fileID: 0}
    - target: {fileID: 9215240666227126177, guid: 8ec53f16d2e39e24bac6e33c40fc7aee, type: 3}
      propertyPath: m_LocalEulerAnglesHint.y
      value: 110.36
      objectReference: {fileID: 0}
    - target: {fileID: 9215240666227126177, guid: 8ec53f16d2e39e24bac6e33c40fc7aee, type: 3}
      propertyPath: m_LocalEulerAnglesHint.z
      value: -135.905
      objectReference: {fileID: 0}
    - target: {fileID: 9215240666227126177, guid: 8ec53f16d2e39e24bac6e33c40fc7aee, type: 3}
      propertyPath: m_LocalScale.x
      value: 99.999985
      objectReference: {fileID: 0}
    - target: {fileID: 9215240666227126177, guid: 8ec53f16d2e39e24bac6e33c40fc7aee, type: 3}
      propertyPath: m_LocalScale.y
      value: 99.99998
      objectReference: {fileID: 0}
    m_RemovedComponents: []
  m_SourcePrefab: {fileID: 100100000, guid: 8ec53f16d2e39e24bac6e33c40fc7aee, type: 3}
--- !u!4 &2599868059172675820 stripped
Transform:
  m_CorrespondingSourceObject: {fileID: 9215240666227126177, guid: 8ec53f16d2e39e24bac6e33c40fc7aee, type: 3}
  m_PrefabInstance: {fileID: 6626917891523252045}
  m_PrefabAsset: {fileID: 0}
